<?xml version="1.0" encoding="UTF-8"?><record xmlns="http://www.loc.gov/MARC21/slim" xmlns:cinclude="http://apache.org/cocoon/include/1.0" xmlns:zs="http://www.loc.gov/zing/srw/">
  <leader>00590cz  a2200157n  4500</leader>
  <controlfield tag="001">nr 91022460 </controlfield>
  <controlfield tag="003">DLC</controlfield>
  <controlfield tag="005">20130316101141.0</controlfield>
  <controlfield tag="008">910624n| azannaab           |a aaa     c</controlfield>
  <datafield tag="010" ind1=" " ind2=" ">
    <subfield code="a">nr 91022460 </subfield>
  </datafield>
  <datafield tag="040" ind1=" " ind2=" ">
    <subfield code="a">MWA</subfield>
    <subfield code="b">eng</subfield>
    <subfield code="e">rda</subfield>
    <subfield code="c">MWA</subfield>
    <subfield code="d">DLC</subfield>
  </datafield>
  <datafield tag="046" ind1=" " ind2=" ">
    <subfield code="g">1822</subfield>
  </datafield>
  <datafield tag="100" ind1="1" ind2=" ">
    <subfield code="a">Croft, Francis,</subfield>
    <subfield code="d">-1822</subfield>
  </datafield>
  <datafield tag="400" ind1="1" ind2=" ">
    <subfield code="w">nnea</subfield>
    <subfield code="a">Croft, Francis,</subfield>
    <subfield code="d">d. 1822</subfield>
  </datafield>
  <datafield tag="670" ind1=" " ind2=" ">
    <subfield code="a">The Louisiana merchants &amp; planters almanack, for the year 1822, 1821:</subfield>
    <subfield code="b">t.p. (Francis Croft; New Orleans bookseller)</subfield>
  </datafield>
  <datafield tag="670" ind1=" " ind2=" ">
    <subfield code="a">MWA/NAIP files</subfield>
    <subfield code="b">(hdg.: Croft, Francis, d. 1822; note: Philadelphia publisher and bookseller; New Orleans bookseller)</subfield>
  </datafield>
</record>